<?xml version="1.0" encoding="UTF-8"?><collection xmlns="http://www.loc.gov/MARC21/slim"><record><leader>00379nam--2200133-i-4500</leader><controlfield tag="001">000020983</controlfield><controlfield tag="002">20161230</controlfield><controlfield tag="005">20161230201034</controlfield><controlfield tag="008">060222s1000------------r-----000-0-eng-d</controlfield><datafield ind1=" " ind2=" " tag="080"><subfield code="a">061.62(430):001.891:539.1</subfield></datafield><datafield ind1=" " ind2=" " tag="245"><subfield code="a">Annual report 1994 institute of nuclear and hadronic physics</subfield></datafield><datafield ind1=" " ind2=" " tag="260"><subfield code="a">Rossendorf, Forschungszentrum, 1995 176 P</subfield></datafield><datafield ind1=" " ind2=" " tag="700"><subfield code="a">F. Donau /S.A.</subfield></datafield><datafield ind1=" " ind2=" " tag="852"><subfield code="a">80136</subfield></datafield></record></collection>